@inproceedings{freshlists,
  author       = {Kupke, Clemens and
                  Nordvall Forsberg, Fredrik and
                  Watters, Sean},
  title        = {A Fresh Look at Commutativity: Free Algebraic Structures via Fresh
                  Lists},
  booktitle    = {Programming Languages and Systems - 21st Asian Symposium, {APLAS}
                  2023, Taipei, Taiwan, November 26-29, 2023, Proceedings},
  series       = {Lecture Notes in Computer Science},
  volume       = {14405},
  pages        = {135--154},
  publisher    = {Springer},
  year         = {2023},
  url          = {https://doi.org/10.1007/978-981-99-8311-7_7},
  doi          = {10.1007/978-981-99-8311-7_7},
}
